@inproceedings{Hickey:2008,
 author = {Hickey, Rich},
 title = {The Clojure programming language},
 booktitle = {Proceedings of the 2008 symposium on Dynamic languages},
 series = {DLS '08},
 year = {2008},
 isbn = {978-1-60558-270-2},
 location = {Paphos, Cyprus},
 pages = {1:1--1:1},
 articleno = {1},
 numpages = {1},
 url = {http://doi.acm.org.ezproxy.morris.umn.edu/10.1145/1408681.1408682},
 doi = {10.1145/1408681.1408682},
 acmid = {1408682},
 publisher = {ACM},
 address = {New York, NY, USA},
} 

@inproceedings{Brown:2010,
 author = {Brown, Richard and Shoop, Elizabeth and Adams, Joel and Clifton, Curtis and Gardner, Mark and Haupt, Michael and Hinsbeeck, Peter},
 title = {Strategies for preparing computer science students for the multicore world},
 booktitle = {Proceedings of the 2010 ITiCSE working group reports},
 series = {ITiCSE-WGR '10},
 year = {2010},
 isbn = {978-1-4503-0677-5},
 location = {Ankara, Turkey},
 pages = {97--115},
 numpages = {19},
 url = {http://doi.acm.org.ezproxy.morris.umn.edu/10.1145/1971681.1971689},
 doi = {10.1145/1971681.1971689},
 acmid = {1971689},
 publisher = {ACM},
 address = {New York, NY, USA},
 keywords = {multi-core computing, parallelism},
} 


@MISC{lein,
   url = "http://leiningen.org/"
}

@MISC{Quil, 
   url = "https://github.com/quil/quil"
}

@book{htdp,
 author = {Felleisen, Matthias and Findler, Robert Bruce and Flatt, Matthew and Krishnamurthi, Shriram},
 title = {How to design programs: an introduction to programming and computing},
 year = {2001},
 isbn = {0-262-06218-6},
 publisher = {MIT Press},
 address = {Cambridge, MA, USA},
} 

@incollection{thomsonEducation,
  title={Functional programming through the curriculum},
  author={Thompson, Simon and Hill, Steve},
  booktitle={Funtional Programming Languages in Education},
  pages={85--102},
  year={1995},
  publisher={Springer}
}

@MISC{clojure:review,
    url        = "http://stuartsierra.com/2013/01/01/clojure-2012-year-in-review"
    }
